@article{H11,
  title={Mouvement permanent lent d'une sph\`ere liquide et visqueuse dans un liquide visqueux},
  author={Hadamard, J. S.},
  journal={Comptes Rendus de l'Acad\`emie des Sciences},
  volume={152},
  pages={1735--1738},
  year={1911}
}

@article{R11,
  title={\"{U}ber die fortschreitende Bewegung einer fl\"{u}ssigen Kugel in einem z\"{a}hen Medium},
  author={Rybczy{\'n}ski, W.},
  journal={Bulletin International de L'Acad\`emie des Science de Cracovie},
  volume={A},
  pages={40--46},
  year={1911}
}

@article{J15,
  title={On the steady rotation of a solid of revolution in a viscous fluid},
  author={Jeffery, G. B.},
  journal={Proceedings of the London Mathematical Society},
  volume={2},
  number={1},
  pages={327--338},
  year={1915},
  publisher={Wiley Online Library}
}

@article{SJ26,
author = {Stimson, M.  and G. B. Jeffery},
title = {The motion of two spheres in a viscous fluid},
journal = {Proceedings of the Royal Society of London},
volume = {111},
number = {757},
pages = {110--116},
year = {1926}
}

@article{SS52,
  title={On the axisymmetric problem of the theory of elasticity for an infinite region containing two spherical cavities},
  author={Sternberg, E. and Sadowsky, M. A.},
  journal={Journal of Applied Mechanics},
  volume={19},
  pages={19--27},
  year={1952}
}

@article{ST56,
  title={On the collision of drops in turbulent clouds},
  author={Saffman, P. G. F. and Turner, J. S.},
  journal={Journal of Fluid Mechanics},
  volume={1},
  number={1},
  pages={16--30},
  year={1956},
  publisher={Cambridge University Press}
}

@article{H59,
  title={The collision efficiency of small drops},
  author={Hocking, L. M.},
  journal={Quarterly Journal of the Royal Meteorological Society},
  volume={85},
  number={363},
  pages={44--50},
  year={1959},
  publisher={Wiley Online Library}
}

@article{B61,
  title={The slow motion of a sphere through a viscous fluid towards a plane surface},
  author={Brenner, H.},
  journal={Chemical Engineering Science},
  volume={16},
  number={3-4},
  pages={242--251},
  year={1961},
  publisher={Elsevier}
}

@article{M61,
  title={End effects in a falling-sphere viscometer},
  author={Maude, A. D.},
  journal={British Journal of Applied Physics},
  volume={12},
  number={6},
  pages={293--295},
  year={1961},
  publisher={IOP Publishing}
}

@article{S63,
  title={Collision efficiencies of two spheres falling in a viscous medium},
  author={Shafrir, U. and Neiburger, M.},
  journal={Journal of Geophysical Research},
  volume={68},
  number={13},
  pages={4141--4147},
  year={1963},
  publisher={Wiley Online Library}
}

@article{DON63,
  title={A slow motion of viscous liquid caused by the rotation of a solid sphere},
  author={Dean, W. R. and O'Neill, M. E.},
  journal={Mathematika},
  volume={10},
  number={1},
  pages={13--24},
  year={1963},
  publisher={London Mathematical Society}
}

@article{SN63,
  title={Collision efficiencies of two spheres falling in a viscous medium},
  author={Shafrir, U. and Neiburger, M.},
  journal={Journal of Geophysical Research},
  number={13},
  volume={68},
  pages={4141--4147},
  year={1963},
  publisher={Wiley Online Library}
}

@article{CD63,
  title={Flow of a rarefied gas between two parallel plates},
  author={Cercignani, C. and Daneri, A.},
  journal={Journal of Applied Physics},
  volume={34},
  number={12},
  pages={3509--3513},
  year={1963},
  publisher={American Institute of Physics}
}

@article{ON64,
  title={A slow motion of viscous liquid caused by a slowly moving solid sphere},
  author={O'Neill, M. E.},
  journal={Mathematika},
  volume={11},
  number={1},
  pages={67--74},
  year={1964},
  publisher={London Mathematical Society}
}

@article{GCB66,
  title={The slow motion of two identical arbitrarily oriented spheres through a viscous fluid},
  author={Goldman, A. J. and Cox, R. G. and Brenner, H.},
  journal={Chemical Engineering Science},
  volume={21},
  number={12},
  pages={1151--1170},
  year={1966},
  publisher={Elsevier}
}

@article{DS67,
  title={Theoretical collision efficiencies for small cloud droplets in {S}tokes flow},
  author={Davis, M. H. and Sartor, J. D.},
  journal={Nature},
  volume={215},
  number={5108},
  pages={1371--1372},
  year={1967},
  publisher={Nature Publishing Group}
}

@article{W67,
  title={Slow motions of a viscous fluid around two spheres},
  author={Wakiya, S.},
  journal={Journal of the Physical Society of Japan},
  volume={22},
  number={4},
  pages={1101--1109},
  year={1967},
  publisher={The Physical Society of Japan}
}

@article{D69,
  title={The slow translation and rotation of two unequal spheres in a viscous fluid},
  author={Davis, M. H.},
  journal={Chemical Engineering Science},
  volume={24},
  number={12},
  pages={1769--1776},
  year={1969},
  publisher={Elsevier}
}

% equations of ONM70
@article{M69,
  title={On the slow motion of viscous liquid in space between two eccentric spheres},
  author={Majumdar, S. R.},
  journal={Journal of the Physical Society of Japan},
  volume={26},
  number={3},
  pages={827--840},
  year={1969},
  publisher={The Physical Society of Japan}
}

@article{ON69,
  title={Exact solutions of the equations of slow viscous flow generated by the asymmetrical motion of two equal spheres},
  author={O'Neill, M. E.},
  journal={Applied Scientific Research},
  volume={21},
  number={1},
  pages={452--466},
  year={1969},
  publisher={Springer}
}

@article{HJ70,
  title={The collision efficiency of small drops},
  author={Hocking, L. M. and Jonas, P. R.},
  journal={Quarterly Journal of the Royal Meteorological Society},
  volume={96},
  number={410},
  pages={722--729},
  year={1970},
  publisher={Wiley Online Library}
}

@article{ONM70,
  title={Asymmetrical slow viscous fluid motions caused by the translation or rotation of two spheres. {P}art {I}: The determination of exact solutions for any values of the ratio of radii and separation parameters},
  author={O'Neill, M. E. and Majumdar, S. R.},
  journal={Zeitschrift f\"{u}r Angewandte Mathematik und Physik},
  volume={21},
  number={2},
  pages={164--179},
  year={1970},
  publisher={Springer}
}

@article{SG71,
  title={A numerical study of collision efficiencies and coalescence parameters for droplet pairs with radii up to 300 microns},
  author={Shafrir, U. and Gal-Chen, T.},
  journal={Journal of the Atmospheric Sciences},
  volume={28},
  number={5},
  pages={741--751},
  year={1971}
}

@article{OP72,
  title={Numerical simulation of three-dimensional homogeneous isotropic turbulence},
  author={Orszag, S. A. and Patterson, G. S.},
  journal={Physical Review Letters},
  volume={28},
  number={2},
  pages={76},
  year={1972},
  publisher={APS}
}

@article{D72,
  title={Collisions of small cloud droplets: {G}as kinetic effects},
  author={Davis, M. H.},
  journal={Journal of the Atmospheric Sciences},
  volume={29},
  number={5},
  pages={911--915},
  year={1972}
}

@article{WW72,
  title={Slow motion of a fluid sphere in the vicinity of another sphere or a plane boundary},
  author={Wacholder, E. and Weihs, D.},
  journal={Chemical Engineering Science},
  volume={27},
  number={10},
  pages={1817--1828},
  year={1972},
  publisher={Elsevier}
}

@article{KD73,
  title={Theoretical collision efficiencies of cloud droplets at small {R}eynolds numbers},
  author={Klett, J. D. and Davis, M. H.},
  journal={Journal of the Atmospheric Sciences},
  volume={30},
  number={1},
  pages={107--117},
  year={1973}
}

@article{H73,
  title={The effect of slip on the motion of a sphere close to a wall and of two adjacent spheres},
  author={Hocking, L. M.},
  journal={Journal of Engineering Mathematics},
  volume={7},
  number={3},
  pages={207--221},
  year={1973},
  publisher={Springer}
}

@article{HHS73,
  title={On the low {R}eynolds number motion of two droplets},
  author={Haber, S. and Hetsroni, G. and Solan, A.},
  journal={International Journal of Multiphase Flow},
  volume={1},
  number={1},
  pages={57--71},
  year={1973},
  publisher={Elsevier}
}

@article{RM74,
  title={Particle interactions in viscous flow at small values of {K}nudsen number},
  author={Reed, L. D. and Morrison, F. A.},
  journal={Journal of Aerosol Science},
  volume={5},
  number={2},
  pages={175--189},
  year={1974},
  publisher={Elsevier}
}

@article{LL75,
  title={Collision efficiency of water drops in the atmosphere},
  author={Lin, C. L. and Lee, S. C.},
  journal={Journal of the Atmospheric Sciences},
  volume={32},
  number={7},
  pages={1412--1418},
  year={1975}
}

@article{A76,
  title={The Collisional Problem of Cloud Droplets Moving in a Turbulent Environinent--{P}art {I}: {A} Method of Solution},
  author={de Almeida, F. C.},
  journal={Journal of the Atmospheric Sciences},
  volume={33},
  number={8},
  pages={1571--1578},
  year={1976}
}

@article{G76,
  title={A numerical determination of the effect of electric fields and charges on the efficiency with which cloud drops and small raindrops collide with aerosol particles},
  author={Grover, S. N.},
  journal={Pure and Applied Geophysics},
  volume={114},
  number={4},
  pages={509--520},
  year={1976},
  publisher={Springer}
}

@article{T77,
  title={The motion of a small sphere in a rotating velocity field: a possible mechanism for suspending particles in turbulence},
  author={Tooby, P. F. and Wick, G. L. and Isaacs, J. D.},
  journal={Journal of Geophysical Research},
  volume={82},
  number={15},
  pages={2096--2100},
  year={1977},
  publisher={Wiley Online Library}
}

@article{BRI78,
  title={Slow motion of two droplets and a droplet towards a fluid or solid interface},
  author={Beshkov, V. N. and Radoev, B. P. and Ivanov, I. B.},
  journal={International Journal of Multiphase Flow},
  volume={4},
  number={5-6},
  pages={563--570},
  year={1978},
  publisher={Elsevier}
}

@article{Z78,
  title={Calculation of hydrodynamic interaction between drops at low {R}eynolds numbers},
  author={Zinchenko, A. Z.},
  journal={Journal of Applied Mathematics and Mechanics},
  volume={42},
  number={5},
  pages={1046--1051},
  year={1978},
  publisher={Elsevier}
}

@article{A79,
  title={The Collisional Problem of Cloud Droplets Moving in a Turbulent Environment--{P}art {II}: {T}urbulent Collision Efficiencies},
  author={de Almeida, F. C.},
  journal={Journal of the Atmospheric Sciences},
  volume={36},
  number={8},
  pages={1564--1576},
  year={1979}
}

@article{Z80,
  title={The slow asymmetric motion of two drops in a viscous medium},
  author={Zinchenko, A. Z.},
  journal={Journal of Applied Mathematics and Mechanics},
  volume={44},
  number={1},
  pages={30--37},
  year={1980},
  publisher={Elsevier}
}

@article{Z81,
  title={Calculation of close interaction between drops, with internal circulation and slip effect taken into account},
  author={Zinchenko, A. Z.},
  journal={Journal of Applied Mathematics and Mechanics},
  volume={45},
  number={4},
  pages={564--567},
  year={1981},
  publisher={Elsevier}
}

@article{Z82,
  title={Calculation of the effectiveness of gravitational coagulation of drops with allowance for internal circulation},
  author={Zinchenko, A. Z.},
  journal={Journal of Applied Mathematics and Mechanics},
  volume={46},
  number={1},
  pages={58--65},
  year={1982},
  publisher={Elsevier}
}

@book{HB83,
 author = {Happel, J. and Brenner, H.},
 title = {Low {R}eynolds number hydrodynamics with special applications to particulate media},
 publisher = {Martinus Nijhoff Distributed by Kluwer Boston},
 year = {1983}
}

@article{MR83,
  title={Equation of motion for a small rigid sphere in a nonuniform flow},
  author={Maxey, M. R. and Riley, J. J.},
  journal={Physics of Fluids},
  volume={26},
  number={4},
  pages={883--889},
  year={1983},
  publisher={American Institute of Physics}
}

@article{JO84,
  title={Calculation of the resistance and mobility functions for two unequal rigid spheres in low-{R}eynolds-number flow},
  author={Jeffrey, D. J. and Onishi, Y.},
  journal={Journal of Fluid Mechanics},
  volume={139},
  pages={261--290},
  year={1984},
  publisher={Cambridge University Press}
}

@article{D84,
  title={The rate of coagulation of a dilute polydisperse system of sedimenting spheres},
  author={Davis, R. H.},
  journal={Journal of Fluid Mechanics},
  volume={145},
  pages={179--199},
  year={1984},
  publisher={Cambridge University Press}
}

@article{GP85,
  title={The effect of vertical turbulent fluctuations in the atmosphere on the collection of aerosol particles by cloud drops},
  author={Grover, S. N. and Pruppacher, H. R.},
  journal={Journal of the Atmospheric Sciences},
  volume={42},
  number={21},
  pages={2305--2318},
  year={1985}
}

@article{MC86,
  title={Gravitational settling of aerosol particles in randomly oriented cellular flow fields},
  author={Maxey, M. R. and Corrsin, S.},
  journal={Journal of the Atmospheric Sciences},
  volume={43},
  number={11},
  pages={1112--1134},
  year={1986}
}

@article{DLB87,
  title={Dynamic simulation of hydrodynamically interacting particles},
  author={Durlofsky, L. and Brady, J. F. and Bossis, G.},
  journal={Journal of Fluid Mechanics},
  volume={180},
  pages={21--49},
  year={1987},
  publisher={Cambridge University Press}
}

@article{M87a,
  title={The motion of small spherical particles in a cellular flow field},
  author={Maxey, M. R.},
  journal={Physics of Fluids},
  volume={30},
  number={7},
  pages={1915--1928},
  year={1987},
  publisher={American Institute of Physics}
}

@article{M87b,
  title={The gravitational settling of aerosol particles in homogeneous turbulence and random flow fields},
  author={Maxey, M. R.},
  journal={Journal of Fluid Mechanics},
  volume={174},
  pages={441--465},
  year={1987},
  publisher={Cambridge University Press}
}

@article{DBB87,
  title={Dynamic simulation of hydrodynamically interacting particles},
  author={Durlofsky, L. and Brady, J. F. and Bossis, G.},
  journal={Journal of Fluid Mechanics},
  volume={180},
  pages={21--49},
  year={1987},
  publisher={Cambridge University Press}
}

@article{J88,
  title={The mean free path in air},
  author={Jennings, S. G.},
  journal={Journal of Aerosol Science},
  volume={19},
  number={2},
  pages={159--166},
  year={1988},
  publisher={Elsevier}
}

@article{BM89,
  title={Methods for evaluating fluid velocities in spectral simulations of turbulence},
  author={Balachandar, S. and Maxey, M. R.},
  journal={Journal of Computational Physics},
  volume={83},
  number={1},
  pages={96--125},
  year={1989},
  publisher={Elsevier}
}

@article{DSR89,
  title={The lubrication force between two viscous drops},
  author={Davis, R. H. and Schonberg, J. A. and Rallison, J. M.},
  journal={Physics of Fluids A: Fluid Dynamics},
  volume={1},
  number={1},
  pages={77--81},
  year={1989},
  publisher={American Institute of Physics}
}

@article{SE90,
  title={Particle response and turbulence modification in isotropic turbulence},
  author={Squires, K. D. and Eaton, J. K.},
  journal={Physics of Fluids},
  volume={2},
  number={7},
  pages={1191--1203},
  year={1990},
  publisher={American Institute of Physics}
}

@article{L90,
  title={Hydrodynamic transport coefficients of random dispersions of hard spheres},
  author={Ladd, A. J. C.},
  journal={The Journal of Chemical Physics},
  volume={93},
  number={5},
  pages={3484--3494},
  year={1990},
  publisher={American Institute of Physics}
}

@book{PTFV92,
  title={Numerical recipes in {F}ortran 77: {T}he art of scientific computing},
  author={Press, W. H. and Teukolsky, S. A. and Flannery, B. P. and Vetterling, W. T.},
  year={1992},
  publisher={Cambridge University Press}
}

@article{BO93,
  title={Warm-rain initiation: An overview of microphysical mechanisms},
  author={Beard, K. V. and Ochs, H. T.},
  journal={Journal of Applied Meteorology},
  volume={32},
  number={4},
  pages={608--625},
  year={1993}
}

@article{B93,
  title={Entrainment in cumulus clouds},
  author={Blyth, A. M.},
  journal={Journal of Applied Meteorology},
  volume={32},
  number={4},
  pages={626--641},
  year={1993}
}

@article{WM93,
  title={Settling velocity and concentration distribution of heavy particles in homogeneous isotropic turbulence},
  author={Wang, L.-P. and Maxey, M. R.},
  journal={Journal of Fluid Mechanics},
  volume={256},
  pages={27--68},
  year={1993},
  publisher={Cambridge University Press}
}

@article{N93,
  title={Turbulence effects on the settling of suspended particles},
  author={Nielsen, P.},
  journal={Journal of Sedimentary Research},
  volume={63},
  number={5},
  pages={835--838},
  year={1993},
  publisher={SEPM Society for Sedimentary Geology}
}

@article{SM94,
  title={Inclusion of lubrication forces in dynamic simulations},
  author={Sangani, A. S. and Mo, G.},
  journal={Physics of Fluids},
  volume={6},
  number={5},
  pages={1653--1662},
  year={1994},
  publisher={American Institute of Physics}
}

@article{SMK94,
  title={Deterministic forcing of homogeneous, isotropic turbulence},
  author={Sullivan, N. P. and Mahalingam, S. and Kerr, R. M.},
  journal={Physics of Fluids},
  volume={6},
  number={4},
  pages={1612--1614},
  year={1994},
  publisher={American Institute of Physics}
}

@article{SM96,
  title={An {O}({N}) algorithm for {S}tokes and {L}aplace interactions of particles},
  author={Sangani, A. S. and Mo, G.},
  journal={Physics of Fluids},
  volume={8},
  number={8},
  pages={1990--2010},
  year={1996},
  publisher={American Institute of Physics}
}

@article{KL96,
  title={The effect of turbulence on the collision rates of small cloud drops},
  author={Koziol, A. S. and Leighton, H. G.},
  journal={Journal of the Atmospheric Sciences},
  volume={53},
  pages={1910--1920},
  year={1996}
}

@book{YR96,
  title={A short course in cloud physics},
  author={Yau, M. K. and Rogers, R. R.},
  year={1996},
  publisher={Elsevier}
}

@article{SK96,
  title={Non-continuum lubrication flows between particles colliding in a gas},
  author={Sundararajakumar, R. R. and Koch, D. L.},
  journal={Journal of Fluid Mechanics},
  volume={313},
  pages={283--308},
  year={1996},
  publisher={Cambridge University Press}
}

@article{G96,
  title={The effect of slip on the motion of two droplets and of a droplet close to a plane surface of a liquid},
  author={Grashchenkov, S. I.},
  journal={Aerosol Science and Technology},
  volume={25},
  number={2},
  pages={101--112},
  year={1996},
  publisher={Taylor \& Francis}
}

@article{SC97,
  title={Collision statistics in an isotropic particle-laden turbulent suspension. {P}art 1. {D}irect numerical simulations},
  author={Sundaram, S. and Collins, L. R.},
  journal={Journal of Fluid Mechanics},
  volume={335},
  pages={75--109},
  year={1997},
  publisher={Cambridge University Press}
}

@book{PK97,
  title={Microphysics of clouds and precipitation},
  author={Pruppacher, R. H. and Klett, J. D.},
  volume={18},
  journal={Atmospheric and Oceanographic Sciences Library},
  year={1997},
  publisher={Kluwer Academic Publishers},
}

@article{BKL97,
  title={Hydrodynamic pair diffusion in isotropic random velocity fields with application to turbulent coagulation},
  author={Brunk, B. K. and Koch, D. L. and Lion, L. W.},
  journal={Physics of Fluids},
  volume={10},
  pages={2670--2691},
  year={1997},
}

@article{BKL98,
  title={Turbulent coagulation of colloidal particles},
  author={Brunk, B. K. and Koch, D. L. and Lion, L. W.},
  journal={Journal of Fluid Mechanics},
  volume={364},
  pages={81--113},
  year={1998},
  publisher={Cambridge University Press}
}

@article{WWZ98I,
  title={On the collision rate of small particles in isotropic turbulence. I. Zero-inertia case},
  author={Wang, L.-P. and Wexler, A. S. and Zhou, Y.},
  journal={Physics of Fluids},
  volume={10},
  number={1},
  pages={266--276},
  year={1998},
  publisher={American Institute of Physics}
}

@article{ZWW98II,
  title={On the collision rate of small particles in isotropic turbulence. II. Finite inertia case},
  author={Zhou, Y. and Wexler, A. S. and Wang, L.-P.},
  journal={Physics of Fluids},
  volume={10},
  number={5},
  pages={1206--1216},
  year={1998},
  publisher={American Institute of Physics}
}

@article{WWZ98,
  title={Statistical mechanical descriptions of turbulent coagulation},
  author={Wang, L.-P. and Wexler, A. S. and Zhou, Y.},
  journal={Physics of Fluids},
  volume={10},
  number={10},
  pages={2647--2651},
  year={1998},
  publisher={American Institute of Physics}
}

@book{J98,
  title={Microphysics of Clouds and Precipitation, with an Introduction to Cloud Chemistry and Cloud Electricity},
  author={Jacobson, M. Z.},
  year={1998},
  publisher={Springer Science \& Business Media},
  Volume={38},
  Issue={4},
  Pages={497--499}
}

@article{F98,
  title={Effect of nonlinear drag on the settling velocity of particles in homogeneous isotropic turbulence},
  author={Fung, J. C. H.},
  journal={Journal of Geophysical Research: Oceans},
  volume={103},
  number={C12},
  pages={27905--27917},
  year={1998},
  publisher={Wiley Online Library}
}

@article{PKS99,
  title={Collisions of small drops in a turbulent flow. {P}art {I}: {C}ollision efficiency. {P}roblem formulation and preliminary results},
  author={Pinsky, M. and Khain, A. and Shapiro, M.},
  journal={Journal of the Atmospheric Sciences},
  volume={56},
  number={15},
  pages={2585--2600},
  year={1999},
  publisher={American Meteorological Society}
}

@article{CEW99,
  title={Lubrication corrections for three-particle contribution to short-time self-diffusion coefficients in colloidal dispersions},
  author={Cichocki, B. and Ekiel-Je{\.z}ewska, M. L. and Wajnryb, E.},
  journal={The Journal of Chemical Physics},
  volume={111},
  number={7},
  pages={3265--3273},
  year={1999},
  publisher={American Institute of Physics}
}

@article{RC00,
  title={Effect of preferential concentration on turbulent collision rates},
  author={Reade, W. C. and Collins, L. R.},
  journal={Physics of Fluids},
  volume={12},
  number={10},
  pages={2530--2540},
  year={2000},
  publisher={American Institute of Physics}
}

@article{WWZ00,
  title={Statistical mechanical description and modelling of turbulent collision of inertial particles},
  author={Wang, L.-P. and Wexler, A. S. and Zhou, Y.},
  journal={Journal of Fluid Mechanics},
  volume={415},
  pages={117--153},
  year={2000},
  publisher={Cambridge University Press}
}

@book{B00,
  title={An introduction to fluid dynamics},
  author={Batchelor, C. K. and Batchelor, G. K.},
  year={2000},
  publisher={Cambridge University Press}
}

@article{YLRT00,
  title={The effects of giant cloud condensation nuclei on the development of precipitation in convective clouds--{A} numerical study},
  author={Yin, Y. and Levin, Z. and Reisin, T. G. and Tzivion, S.},
  journal={Atmospheric Research},
  volume={53},
  number={1-3},
  pages={91--116},
  year={2000},
  publisher={Elsevier}
}

@article{DH01,
  title={Settling of small particles near vortices and in turbulence},
  author={D\'{a}vila, J. and Hunt, J. C. R.},
  journal={Journal of Fluid Mechanics},
  volume={440},
  pages={117--145},
  year={2001},
  publisher={Cambridge University Press}
}

@article{ZWW01,
  title={Modelling turbulent collision of bidisperse inertial particles},
  author={Zhou, Y. and Wexler, A. S. and Wang, L.-P.},
  journal={Journal of Fluid Mechanics},
  volume={433},
  pages={77--104},
  year={2001},
  publisher={Cambridge University Press}
}

@article{PKS01,
  title={Collision efficiency of drops in a wide range of {R}eynolds numbers: Effects of pressure on spectrum evolution},
  author={Pinsky, M. and Khain, A. and Shapiro, M.},
  journal={Journal of the Atmospheric Sciences},
  volume={58},
  number={7},
  pages={742--764},
  year={2001}
}

@article{WAX05,
  title={Reconciling the cylindrical formulation with the spherical formulation in the kinematic descriptions of collision kernel},
  author={Wang, L.-P. and Ayala, O. and Xue, Y.},
  journal={Physics of Fluids},
  volume={17},
  number={6},
  pages={067103},
  year={2005},
  publisher={American Institute of Physics}
}

@article{WAG05,
  title={Improved formulations of the superposition method},
  author={Wang, L.-P. and Ayala, O. and Grabowski, W. W.},
  journal={Journal of the Atmospheric Sciences},
  volume={62},
  number={4},
  pages={1255--1266},
  year={2005}
}

@article{CK05,
  title={Coagulation of monodisperse aerosol particles by isotropic turbulence},
  author={Chun, J. and Koch, D. L.},
  journal={Physics of Fluids},
  volume={17},
  number={2},
  pages={027102},
  year={2005},
  publisher={American Institute of Physics}
}

@article{WAKG05,
  title={Theoretical formulation of collision rate and collision efficiency of hydrodynamically interacting cloud droplets in turbulent atmosphere},
  author={Wang, L.-P. and Ayala, O. and Kasprzak, S. E. and Grabowski, W. W.},
  journal={Journal of the Atmospheric Sciences},
  volume={62},
  number={7},
  pages={2433--2450},
  year={2005}
}

@article{BKM06,
  title={Small particles in homogeneous turbulence: {S}ettling velocity enhancement by two-way coupling},
  author={Bosse, T. and Kleiser, L. and Meiburg, E.},
  journal={Physics of Fluids},
  volume={18},
  number={2},
  pages={027102},
  year={2006},
  publisher={American Institute of Physics}
}

@article{EW06,
  title={Equilibria for the relative motion of three heavy spheres in {S}tokes fluid flow},
  author={Ekiel-Je{\.z}ewska, M. L. and Wajnryb, E.},
  journal={Physical Review E},
  volume={73},
  number={4},
  pages={046309},
  year={2006},
  publisher={APS}
}

@article{AGW07,
  title={A hybrid approach for simulating turbulent collisions of hydrodynamically-interacting particles},
  author={Ayala, O. and Grabowski, W. W. and Wang, L.-P.},
  journal={Journal of Computational Physics},
  volume={225},
  number={1},
  pages={51--73},
  year={2007},
  publisher={Elsevier}
}

@article{FP07,
  title={Sling effect in collisions of water droplets in turbulent clouds},
  author={Falkovich, G. and Pumir, A.},
  journal={Journal of the Atmospheric Sciences},
  volume={64},
  number={12},
  pages={4497--4505},
  year={2007}
}

@article{VC07,
  title={Urban aerosol impacts on downwind convective storms},
  author={Van Den Heever, S. C. and Cotton, W. R.},
  journal={Journal of Applied Meteorology},
  volume={46},
  number={6},
  pages={828--850},
  year={2007}
}

@article{WAG07,
  title={Effects of aerodynamic interactions on the motion of heavy particles in a bidisperse suspension},
  author={Wang, L.-P. and Ayala, O. and Grabowski, W. W.},
  journal={Journal of Turbulence},
  volume={8},
  pages={N25},
  year={2007},
  publisher={Taylor \& Francis}
}

@article{WARG08,
  title={Turbulent collision efficiency of heavy particles relevant to cloud droplets},
  author={Wang, L.-P. and Ayala, O. and Rosa, B. and Grabowski, W. W.},
  journal={New Journal of Physics},
  volume={10},
  number={7},
  pages={075013},
  year={2008},
  publisher={IOP Publishing}
}

@article{ARWG08,
  title={Effects of turbulence on the geometric collision rate of sedimenting droplets. {P}art 1. {R}esults from direct numerical simulation},
  author={Ayala, O. and Rosa, B. and Wang, L.-P. and Grabowski, W. W.},
  journal={New Journal of Physics},
  volume={10},
  number={7},
  pages={075015},
  year={2008},
  publisher={IOP Publishing}
}

@article{ARW08,
  title={Effects of turbulence on the geometric collision rate of sedimenting droplets. {P}art 2. {T}heory and parameterization},
  author={Ayala, O. and Rosa, B. and Wang, L.-P.},
  journal={New Journal of Physics},
  volume={10},
  number={7},
  pages={075016},
  year={2008},
  publisher={IOP Publishing}
}

@article{R09,
  title={Effects of incompressible surfactant on thermocapillary interactions of spherical drops},
  author={Rother, M. A.},
  journal={International Journal of Multiphase Flow},
  volume={35},
  number={5},
  pages={417--426},
  year={2009},
  publisher={Elsevier}
}

@article{RW09,
  title={Parallel implementation of particle tracking and collision in a turbulent flow},
  author={Rosa, B. and Wang, L.-P.},
  journal={International Conference on Parallel Processing and Applied Mathematics,},
  pages={388--397},
  year={2009},
  publisher={Springer}
}

@article{SIRR09,
  title={A {L}agrangian approach to droplet condensation in atmospheric clouds},
  author={Sidin, R. S. R. and IJzermans, R. H. A. and Reeks, M. W.},
  journal={Physics of Fluids},
  volume={21},
  number={10},
  pages={106603},
  year={2009},
  publisher={American Institute of Physics}
}

@article{WRGHJ09,
  title={Turbulent collision of inertial particles: point-particle based, hybrid simulations and beyond},
  author={Wang, L.-P. and Rosa, B. and Gao, H. and He, G. and Jin, G.},
  journal={International Journal of Multiphase Flow},
  volume={35},
  number={9},
  pages={854--867},
  year={2009},
  publisher={Elsevier}
}

@article{RWMG11,
  title={An accurate and efficient method for treating aerodynamic interactions of cloud droplets},
  author={Rosa, B. and Wang, L.-P. and Maxey, M. R. and Grabowski, W. W.},
  journal={Journal of Computational Physics},
  volume={230},
  number={22},
  pages={8109--8133},
  year={2011},
  publisher={Elsevier}
}

@article{RPAWG11c,
  title={High-resolution simulation of turbulent collision of cloud droplets},
  author={Rosa, B. and Parishani, H. and Ayala, O. and Wang, L.-P. and Grabowski, W. W.},
  journal={International Conference on Parallel Processing and Applied Mathematics,},
  pages={401--410},
  year={2011},
  publisher={Springer}
}

@article{RPAWG11p,
title = {Kinematic and dynamic pair collision statistics of sedimenting inertial particles relevant to warm rain initiation},
author = {Rosa, B. and Parishani, H. and Ayala, O. and Wang, L.-P. and Grabowski, W. W.},
year = {2011},
month = {12},
pages = {072016},
volume = {318},
journal = {Journal of Physics: Conference Series},
}

@book{MS12,
  title={Field theory handbook: including coordinate systems, differential equations and their solutions},
  author={Moon, P. and Spencer, D. E.},
  year={2012},
  publisher={Springer}
}

@article{DBBCGIMRVW12,
  title={Droplet growth in warm turbulent clouds},
  author={Devenish, B. J. and Bartello, P. and Brenguier, J.-L. and Collins, L. R. and Grabowski, W. W. and IJzermans, R. H. A. and Malinowski, S. P. and Reeks, M. W. and Vassilicos, J. C. and Wang, L.-P.},
  journal={Quarterly Journal of the Royal Meteorological Society},
  volume={138},
  number={667},
  pages={1401--1429},
  year={2012},
  publisher={Wiley Online Library}
}

@article{GW13,
  title={Growth of cloud droplets in a turbulent environment},
  author={Grabowski, W. W. and Wang, L.-P.},
  journal={Annual Review of Fluid Mechanics},
  volume={45},
  number={1},
  pages={293--324},
  year={2013},
  publisher={Annual Reviews, Inc.}
}

@article{AW13,
  title={Parallel implementation and scalability analysis of 3{D} fast {F}ourier transform using 2{D} domain decomposition},
  author={Ayala, O. and Wang, L.-P.},
  journal={Parallel Computing},
  volume={39},
  number={1},
  pages={58--77},
  year={2013},
  publisher={Elsevier}
}

@book{KK13,
  title={Microhydrodynamics: principles and selected applications},
  author={Kim, S. and Karrila, S. J.},
  year={2013},
  publisher={Courier Corporation}
}

@article{TPARW13,
  title={Analysis and parallel implementation of a forced {N}-body problem},
  author={Torres, C. E. and Parishani, H. and Ayala, O. and Rossi, L. F. and Wang, L.-P.},
  journal={Journal of Computational Physics},
  volume={245},
  pages={235--258},
  year={2013},
  publisher={Elsevier}
}

@article{OTV13,
  title={An efficient parallel simulation of interacting inertial particles in homogeneous isotropic turbulence},
  author={Onishi, R. and Takahashi, K. and Vassilicos, J. C.},
  journal={Journal of Computational Physics},
  volume={242},
  pages={809--827},
  year={2013},
  publisher={Elsevier}
}

@article{RPAGW13,
  title={Kinematic and dynamic collision statistics of cloud droplets from high-resolution simulations},
  author={Rosa, B. and Parishani, H. and Ayala, O. and Grabowski, W. W. and Wang, L.-P.},
  journal={New Journal of Physics},
  volume={15},
  number={4},
  pages={045032},
  year={2013},
  publisher={IOP Publishing}
}

@article{GLW13,
  title={Lattice {B}oltzmann simulation of turbulent flow laden with finite-size particles},
  author={Gao, H. and Li, H. and Wang, L.-P.},
  journal={Computers {\&} Mathematics with Applications},
  volume={65},
  number={2},
  pages={194--210},
  year={2013},
  publisher={Elsevier}
}

@article{PJ14,
  title={Preferred location of droplet collisions in turbulent flows},
  author={Perrin, V. E. and Jonker, H. J. J.},
  journal={Physical Review E},
  volume={89},
  number={3},
  pages={033005},
  year={2014},
  publisher={APS}
}

@article{VPLW14,
  title={Prevalence of the sling effect for enhancing collision rates in turbulent suspensions},
  author={Vo{\ss}kuhle, M. and Pumir, A. and L{\'e}v{\^e}que, E. and Wilkinson, M.},
  journal={Journal of Fluid Mechanics},
  volume={749},
  pages={841--852},
  year={2014},
  publisher={Cambridge University Press}
}

@article{APCRW14,
  title={{DNS} of hydrodynamically interacting droplets in turbulent clouds: {P}arallel implementation and scalability analysis using {2D} domain decomposition},
  author={Ayala, O. and Parishani, H. and Chen, L. and Rosa, B. and Wang, L.-P.},
  journal={Computer Physics Communications},
  volume={185},
  number={12},
  pages={3269--3290},
  year={2014},
  publisher={Elsevier}
}

@article{GIBBCW14,
  title={Settling regimes of inertial particles in isotropic turbulence},
  author={Good, G. H. and Ireland, P. J. and Bewley, G. P. and Bodenschatz, E. and Collins, L. R. and Warhaft, Z.},
  journal={Journal of Fluid Mechanics},
  volume={759},
  year={2014},
  publisher={Cambridge University Press}
}

@article{LMN15,
  title={An accurate method to include lubrication forces in numerical simulations of dense {S}tokesian suspensions},
  author={Lefebvre-Lepot, A. and Merlet, B. and Nguyen, T. N.},
  journal={Journal of Fluid Mechanics},
  volume={769},
  pages={369--386},
  year={2015},
  publisher={Cambridge University Press}
}

@article{RPAW15,
  title={Effects of forcing time scale on the simulated turbulent flows and turbulent collision statistics of inertial particles},
  author={Rosa, B. and Parishani, H. and Ayala, O. and L.-P. Wang},
  journal={Physics of Fluids},
  volume={27},
  number={1},
  pages={015105},
  year={2015},
  publisher={American Institute of Physics}
}

@article{BIC15,
  title={On the relationship between the non-local clustering mechanism and preferential concentration},
  author={Bragg, A. D. and Ireland, P. J. and Collins, L. R.},
  journal={Journal of Fluid Mechanics},
  volume={780},
  pages={327--343},
  year={2015},
  publisher={Cambridge University Press}
}

@article{IBC16,
  title={The effect of {R}eynolds number on inertial particle dynamics in isotropic turbulence. {P}art 2. {S}imulations with gravitational effects},
  author={Ireland, P. J. and Bragg, A. D. and Collins, L. R.},
  journal={Journal of Fluid Mechanics},
  volume={796},
  pages={659--711},
  year={2016},
  publisher={Cambridge University Press}
}

@article{FPSB16,
  title={Reduced particle settling speed in turbulence},
  author={Fornari, W. and Picano, F. and Sardina, G. and Brandt, L.},
  journal={Journal of Fluid Mechanics},
  volume={808},
  pages={153--167},
  year={2016},
  publisher={Cambridge University Press}
}

@article{RPAW16,
  title={Settling velocity of small inertial particles in homogeneous isotropic turbulence from high-resolution {DNS}},
  author={Rosa, B. and Parishani, H. and Ayala, O. and Wang, L.-P.},
  journal={International Journal of Multiphase Flow},
  volume={83},
  pages={217--231},
  year={2016},
  publisher={Elsevier}
}

@article{K16,
  title={Point-Particle {DNS} and {LES} of Particle-Laden Turbulent flow -- a state-of-the-art review},
  author={Kuerten, J. G. M.},
  journal={Flow, Turbulence and Combustion},
  volume={97},
  number={3},
  pages={689--713},
  year={2016},
  publisher={Springer}
}

@article{WPGY16,
  title={Lattice {B}oltzmann simulation of particle-laden turbulent channel flow},
  author={Wang, L.-P. and Peng, C. and Guo, Z. and Yu, Z.},
  journal={Computers {\&} Fluids},
  volume={124},
  pages={226--236},
  year={2016},
  publisher={Elsevier}
}

@article{WPGY16-2,
  title={Flow modulation by finite-size neutrally buoyant particles in a turbulent channel flow},
  author={Wang, L.-P. and Peng, C. and Guo, Z. and Yu, Z.},
  journal={Journal of Fluids Engineering},
  volume={138},
  pages={41306},
  number={4},
  year={2016},
  publisher={American Society of Mechanical Engineers Digital Collection}
}

@phdthesis{T17,
  title={The mechanics of suspensions},
  author={Townsend, A. K.},
  year={2017},
  school={University College London}
}

@article{AJB17,
  title={Pairwise interaction extended point-particle model for a random array of monodisperse spheres},
  author={Akiki, G. and Jackson, T. L. and Balachandar, S.},
  journal={Journal of Fluid Mechanics},
  volume={813},
  pages={882--928},
  year={2017},
  publisher={Cambridge University Press}
}

@article{AMB17,
  title={Pairwise-interaction extended point-particle model for particle-laden flows},
  author={Akiki, G. and Moore, W. C. and Balachandar, S.},
  journal={Journal of Computational Physics},
  volume={351},
  pages={329--357},
  year={2017},
  publisher={Elsevier}
}

@article{MD17,
  title={Settling velocity and preferential concentration of heavy particles under two-way coupling effects in homogeneous turbulence},
  author={Monchaux, R. and Dejoan, A.},
  journal={Physical Review Fluids},
  volume={2},
  number={10},
  pages={104302},
  year={2017},
  publisher={APS}
}

@article{RP17,
  title={Impact of subgrid fluid turbulence on inertial particles subject to gravity},
  author={Rosa, B. and Pozorski, J.},
  journal={Journal of Turbulence},
  volume={18},
  pages={634--652},
  year={2017},
  publisher={Taylor \& Francis}
}

@article{YZCTOBCDDG18,
  title={Scientific challenges of convective-scale numerical weather prediction},
  author={Yano, J.-I. and Ziemia{\'n}ski, M. Z. and Cullen, M. and Termonia, P. and Onvlee, J. and Bengtsson, L. and Carrassi, A. and Davy, R. and Deluca, A. and Gray, S. L.},
  journal={Bulletin of the American Meteorological Society},
  volume={99},
  number={4},
  pages={699--710},
  year={2018}
}

@article{CYBX18,
  title={Bridging the condensation--collision size gap: {A} direct numerical simulation of continuous droplet growth in turbulent clouds},
  author={Chen, S. and Yau, M.-K. and Bartello, P. and Xue, L.},
  journal={Atmospheric Chemistry and Physics},
  volume={18},
  pages={7251--7262},
  year={2018}
}

@article{DB18,
  title={Small-scale dynamics of settling, bidisperse particles in turbulence},
  author={Dhariwal, R. and Bragg, A. D.},
  journal={Journal of Fluid Mechanics},
  volume={839},
  pages={594--620},
  year={2018},
  publisher={Cambridge University Press},
}

@article{YKHC18,
  title={Small-scale dynamics of settling, bidisperse particles in turbulence},
  author={Yavuz, M. A. and Kunnen, R. P. J. and van Heijst, G. J. F. and Clercx, H. J. H.},
  journal={Physical Review Letters},
  volume={120},
  pages={244504},
  year={2018},
  publisher={American Physical Society},
}

@article{TB19,
  title={Multiscale preferential sweeping of particles settling in turbulence},
  author={Tom, J. and Bragg, A. D.},
  journal={Journal of Fluid Mechanics},
  volume={871},
  pages={244--270},
  year={2019},
  publisher={Cambridge University Press}
}

@article{GMS20,
  title={The singular hydrodynamic interactions between two spheres in {S}tokes flow},
  author={Goddard, B. D. and Mills-Williams, R. D. and Sun, J.},
  journal={Physics of Fluids},
  volume={32},
  number={6},
  pages={062001},
  year={2020},
  publisher={AIP Publishing LLC}
}

@article{RPW20corrigendum,
  title={Corrigendum to {E}ffects of turbulence modulation and gravity on particle collision statistics},
  author={Rosa, B. and Pozorski, J. and Wang, L.-P.},
  journal={International Journal of Multiphase Flow},
  volume={133},
  pages={103458},
  year={2020},
  publisher={Elsevier}
}

@article{RPW20,
  title={Effects of turbulence modulation and gravity on particle collision statistics},
  author={Rosa, B. and Pozorski, J. and Wang, L.-P.},
  journal={International Journal of Multiphase Flow},
  pages={103334},
  volume={129},
  year={2020},
  publisher={Elsevier}
}

% with f_nc & col_eff
@article{DRK21a,
  title={Collision rate of bidisperse spheres settling in a compressional non-continuum gas flow},
  author={Dhanasekaran, J. and Roy, A. and Koch, D. L.},
  journal={Journal of Fluid Mechanics},
  volume={910},
  year={2021},
  publisher={Cambridge University Press}
}

% turb
@article{DRK21b,
  title={Collision rate of bidisperse, hydrodynamically interacting spheres settling in a turbulent flow},
  author={Dhanasekaran, J. and Roy, A. and Koch, D. L.},
  journal={Journal of Fluid Mechanics},
  volume={912},
  year={2021},
  publisher={Cambridge University Press}
}

@article{ARPW21,
  title={On the effect of lubrication forces on the collision statistics of cloud droplets in homogeneous isotropic turbulence},
  author={Ababaei, A. and Rosa, B. and Pozorski, J. and Wang, L.-P.},
  journal={Journal of Fluid Mechanics},
  volume={918},
  year={2021},
  publisher={Cambridge University Press}
}

@article{RSD22,
  title={Gravitational collision efficiencies of small viscous drops at finite {S}tokes numbers and low {R}eynolds numbers},
  author={Rother, M. A. and Stark, J. K. and Davis, R.H.},
  journal={International Journal of Multiphase Flow},
  volume={146},
  pages={103876},
  year={2022},
  publisher={Elsevier}
}

@article{AR23,
  title={Collision efficiency of cloud droplets in quiescent air considering lubrication interactions, mobility of interfaces, and noncontinuum molecular effects},
  author={Ababaei, A. and Rosa, B.},
  journal={Physical Review Fluids},
  volume={8},
  number={1},
  pages={014102},
  year={2023},
  publisher={APS}
}

@misc{I,
  title={Errata on the papers for two-body exact solutions in {S}tokes flows},
  author={Ichiki, K.},
  howpublished={\url{http://ryuon.sourceforge.net/twobody/errata.html}},
}